@article{Pleyer2025,
    doi = {10.21105/joss.07723},
    url = {https://doi.org/10.21105/joss.07723},
    year = {2025},
    publisher = {The Open Journal},
    volume = {10},
    number = {110},
    pages = {7723},
    author = {Jonas Pleyer and Christian Fleck},
    title = {cellular\_raza: Cellular Agent-based Modeling from a Clean Slate},
    journal = {Journal of Open Source Software},
}

@article{Pleyer2025_2,
    year = {2025},
    author = {Jonas Pleyer and Christian Fleck},
    title = {Methods for Analyzing Models of Rod-Shaped Bacteria},
}

@article{Pleyer2025_3,
    year = {2025},
    author = {Jonas Pleyer and Christian Fleck},
    title = {Mathematical Foundations of Cellular Agent-based Models},
}
